<?xml version="1.0" encoding="UTF-8"?><collection xmlns="http://www.loc.gov/MARC21/slim"><record><leader>00426nam--2200145-i-4500</leader><controlfield tag="001">000011023</controlfield><controlfield tag="002">20161230</controlfield><controlfield tag="005">20170305200704</controlfield><controlfield tag="008">060222s1000------------r-----000-0-eng-d</controlfield><datafield ind1=" " ind2=" " tag="100"><subfield code="a">Desprairies, Jacques</subfield></datafield><datafield ind1=" " ind2=" " tag="245"><subfield code="a">Problemes medico-legaux poses par les radiodermites professionnelles</subfield></datafield><datafield ind1=" " ind2=" " tag="260"><subfield code="a">Paris</subfield><subfield code="b">Faculte De Medicine Saint-Antoine</subfield><subfield code="c">1972</subfield></datafield><datafield ind1=" " ind2=" " tag="300"><subfield code="a">111 p</subfield></datafield><datafield ind1=" " ind2=" " tag="852"><subfield code="a">616-001.28(043)</subfield></datafield><datafield ind1=" " ind2=" " tag="CAT"><subfield code="a">SYS</subfield><subfield code="c">20170305</subfield><subfield code="h">200704</subfield></datafield></record></collection>